@inproceedings{example,
    title={Kindergarten Quantum Mechanics: Lecture Notes},
    author={Coecke, Bob},
    booktitle={AIP Conference Proceedings},
    volume={810},
    number={1},
    pages={81--98},
    year={2006},
    organization={American Institute of Physics}
}